@book{Brandt2016,
  editor    = {Felix Brandt and Vincent Conitzer and Ulle Endriss and J{\"o}rg Lang and Ariel D.\ Procaccia},
  title     = {Handbook of Computational Social Choice},
  publisher = {Cambridge University Press},
  year      = {2016},
  address   = {Cambridge, UK},
}


@misc{MarketBased,
    author = {Dominik Peters and Grzegorz Pierczyński and Nisarg Shah and Piotr Skowron},
    title = {Market-Based Explanations of Collective Decisions},
    year = {2021},
    url = {https://www.cs.toronto.edu/~nisarg/papers/priceability.pdf}
}

@misc{ProportionalityAndLimits,
    author = {Dominik Peters, Piotr Skowron},
    title = {Proportionality and the Limits of Welfarism},
    year = {2020},
    url = {https://arxiv.org/abs/1911.11747}
}

@misc{AzizEtAl,
    author = {Haris Aziz et al.},
    title = {Justified Representation in Approval-Based Committee Voting},
    year = {2017},
    url = {https://arxiv.org/abs/1407.8269}
}

@misc{EqualShares,
    author = {Dominik Peters, Grzegorz Pierczyński, Piotr Skowron},
    title = {Proportional Participatory Budgeting with Additive Utilities},
    year = {2020},
    url = {https://arxiv.org/abs/2008.13276}
}

@online{StrasbourgBallots,
    title = "Cardinal Ballots in Strasbourg",
    url = {https://participer.strasbourg.eu/documents/2531722/3107858/Comment+voter.pdf/2eae4f75-de1f-46ee-c85d-154adefd6197?t=1633936498005},
    year = {2020},
    urldate = {2025-09-13}
}

@inproceedings{AzizEtAlComplexity,
  author    = {Haris Aziz and Edith Elkind and Sheng Huang and Markus Lackner and Luis Sánchez-Fernández and Piotr Skowron},
  title     = {On the Complexity of Extended and Proportional Justified Representation},
  booktitle = {Proceedings of the 32nd {AAAI} Conference on Artificial Intelligence (AAAI-18)},
  year      = {2018},
}

@inproceedings{BrillForster2023,
    author = {Brill, Markus and Forster, Stefan and Lackner, Martin and Maly, Jan and Peters, Jannik},
    title = {Proportionality in Approval-Based Participatory Budgeting},
    booktitle = {Proceedings of the 37th AAAI Conference on Artificial Intelligence},
    year = {2023}
}


@online{ToulouseBallots,
    title = "Cardinal Ballots in Toulouse",
    url = {https://web.archive.org/web/20220706143714/https://jeparticipe.metropole.toulouse.fr/uploads/decidim/attachment/file/34/R%C3%A9glement_Budget_Participatif_basse_def.pdf},
    year = {2020},
    urldate = {2025-09-13}
}

@online{GdanskBallots,
    title = "Cardinal Ballots in Gdańsk",
    url = {https://www.gdansk.pl/budzet-obywatelski/JAK-GLOSOWAC-INSTRUKCJA,a,227528},
    urldate = {2025-09-13}
}

@online{Chapter4Scripts,
    author  = {Wiktor Grzankowski},
    title   = {Scripts and outputs for Empirical Evaluation in Chapter 4},
    year    = {2025},
    url     = {https://github.com/WiktorGrzankowski/Grzankowski-Wiktor-Masters},
    urldate = {2025-09-13}
}

@online{NSW2019,
  author  = {NSW Government},
  title   = {My Community Project},
  year    = {2019},
  url     = {https://web.archive.org/web/20191130104231/https://www.nsw.gov.au/improving-nsw/projects-and-initiatives/my-community-project/},
  urldate = {2025-09-13},
}

@article{DataToolsAndPB,
    author = "P. Faliszewski; J. Fils; D. Peters; G. Pierczyński; P. Skowron; D. Stolicki, S. Szufa; and N. Talmon",
    title = {Participatory Budgeting: Data, Tools, and Analysis},
    journal = {In Proceedings of the 32nd International Joint Conference on Artificial Intelligence
(IJCAI)},
    year = {2023} 
}

@online{Pabulib,
    title = "Pabulib library",
    url = {https://pabulib.org/},
    urldate = {2025-09-13}
}

@online{EqualSharesWebsite,
    title = "Method of Equal Shares Website",
    url = {https://equalshares.net/},
    urldate = {2025-09-13}
}

@online{Pabutools,
    title = "Pabutools repository",
    url = {https://github.com/COMSOC-Community/pabutools},
    urldate = {2025-09-13}
}

@article{ParticipatoryBudgeting,
    author = {Yves Sintomer, Carsten Herzberg and Anja Röcke},
    title = {From Porto Alegre to Europe: Potentials and Limitations of Participatory Budgeting},
    journal = {International Journal of Urban and Regional Research},
    year = {2008}
}

@book{GareyJohnson,
  author = {Michael R. Garey and David S. Johnson},
  title = {Computers and Intractability: A Guide to the Theory of NP-Completeness},
  publisher = {W. H. Freeman},
  year = {1979}
}

@article{PBElicitation,
    author = {G. Benade, S. Nath, A. D. Procaccia and N. Shah.},
    title = {Preference elicitation for participatory budgeting},
    journal = {Management Science},
    year = {2021}
}

@article{RussonGilman2012,
    author = {H. R. Gilman.},
    title = {Transformative Deliberations: Participatory
Budgeting in the United States},
    journal = {Journal of Public Deliberation},
    volume = {8},
    number = {2},
    year = {2012}
}

@article{Talmon_Faliszewski_2019, title={A Framework for Approval-Based Budgeting Methods}, volume={33}, url={https://ojs.aaai.org/index.php/AAAI/article/view/4052}, DOI={10.1609/aaai.v33i01.33012181}, abstractNote={&lt;p&gt;We define and study a general framework for approval-based budgeting methods and compare certain methods within this framework by their axiomatic and computational properties. Furthermore, we visualize their behavior on certain Euclidean distributions and analyze them experimentally.&lt;/p&gt;}, number={01}, journal={Proceedings of the AAAI Conference on Artificial Intelligence}, author={Talmon, Nimrod and Faliszewski, Piotr}, year={2019}, month={Jul.}, pages={2181-2188} }

@unknown{BOS,
author = {Papasotiropoulos, Georgios and Pishbin, Seyedeh and Skibski, Oskar and Skowron, Piotr and Wąs, Tomasz},
year = {2024},
month = {09},
pages = {},
title = {Method of Equal Shares with Bounded Overspending},
doi = {10.48550/arXiv.2409.15005}
}

@article{PBCannabes,
    author = {Y. Cabannes.},
    title = {Participatory budgeting: A significant contribution to participatory democracy},
    journal = {Environment and Urbanization},
    year = {2004} 
}

@book{GameTheoryCore,
    author = {Osborne J.M. and  Rubinstein A.},
    title = {A Course in Game Theory},
    publisher = {The MIT Press},
    year = {1994}
}

@InProceedings{AShortIntroductionToSocialChoice,
author="Chevaleyre, Yann
and Endriss, Ulle
and Lang, J{\'e}r{\^o}me
and Maudet, Nicolas",
editor="van Leeuwen, Jan
and Italiano, Giuseppe F.
and van der Hoek, Wiebe
and Meinel, Christoph
and Sack, Harald
and Pl{\'a}{\v{s}}il, Franti{\v{s}}ek",
title="A Short Introduction to Computational Social Choice",
booktitle="SOFSEM 2007: Theory and Practice of Computer Science",
year="2007",
publisher="Springer Berlin Heidelberg",
pages="51--69",
}


@mastersthesis{SPImplMasters,
    author = {Kamil Jankowski},
    title = {Analysis of Stable Market Solution Concepts in the Context of Participatory Budgeting},
    school = {University of Warsaw},
    year = {2024}
}